<?xml version="1.0" encoding="UTF-8"?><collection><record><leader>07983ntm a2200589 a 4500</leader><controlfield tag="001">006818781</controlfield><controlfield tag="003">MiAaHDL</controlfield><controlfield tag="005">20190719000000.0</controlfield><controlfield tag="006">m        d        </controlfield><controlfield tag="007">cr bn ---auaua</controlfield><controlfield tag="008">090615q17381739xx            00| ||per d</controlfield><datafield tag="035" ind1=" " ind2=" "><subfield code="a">(MiU)006818781</subfield></datafield><datafield tag="035" ind1=" " ind2=" "><subfield code="a">sdr-miu006818781</subfield></datafield><datafield tag="040" ind1=" " ind2=" "><subfield code="a">MiU</subfield><subfield code="c">MiU</subfield><subfield code="e">amremm</subfield></datafield><datafield tag="043" ind1=" " ind2=" "><subfield code="a">n-us-mi</subfield></datafield><datafield tag="100" ind1="0" ind2=" "><subfield code="6">880-01</subfield><subfield code="a">Naʻmat Ḵẖān-i-ʻĀlī,</subfield><subfield code="d">d. ca. 1710.</subfield></datafield><datafield tag="240" ind1="1" ind2="0"><subfield code="6">880-02</subfield><subfield code="a">Mas̲navī</subfield></datafield><datafield tag="245" ind1="1" ind2="0"><subfield code="6">880-03</subfield><subfield code="a">Mas̲navī-yi sharīf,</subfield><subfield code="f">[1151?, i.e. 1738 or 1739?].</subfield></datafield><datafield tag="260" ind1=" " ind2=" "><subfield code="c">[1738 or 1739?].</subfield></datafield><datafield tag="300" ind1=" " ind2=" "><subfield code="a">181 leaves :</subfield><subfield code="b">paper ;</subfield><subfield code="c">242 x 145 (178 x 86) mm. bound to 250 x 150 mm.</subfield></datafield><datafield tag="500" ind1=" " ind2=" "><subfield code="a">Shelfmark: Ann Arbor, University of Michigan, Special Collections Library, Isl. Ms. 362</subfield></datafield><datafield tag="500" ind1=" " ind2=" "><subfield code="a">Origin: As appears in colophon on p.361, copied by ʻAbd al-Rashīd al-Daylamī [?] with transcription completed in 1151 [1738 or 9]. 1151 from 151, being the more likely reading (given the author's dates, decoration, hand, etc.) of what the copyist has entered as "١٠٥١" which initially suggests 1051 [1641 or 2]. A similar practice with numerals appears in the foliation (see fol.110-120 i.e. ١٠١٠ to ١٠٢٠ as entered in red ink). Date in seal impression provides very rough terminus ante quem of 1756.</subfield></datafield><datafield tag="500" ind1=" " ind2=" "><subfield code="a">Accompanying materials: Half-sheet of writing paper with note in hand of G. Meredith-Owens, reads "362 | A mas̲navī poem of ethico-religious content. I cannot find the title and author but suspect that he is an Indian imitating Saʻdī and other Persian poets. Perhaps I could have a photostat of the first few folios. Indian, judging from the binding, probably 18th century."</subfield></datafield><datafield tag="500" ind1=" " ind2=" "><subfield code="a">Former shelfmark: "119 T. De M. [i.e. Tammaro De Marinis]" in pencil on verso of front flyleaf.</subfield></datafield><datafield tag="500" ind1=" " ind2=" "><subfield code="a">Binding: Pasteboards covered in brown leather ; Type III binding in Western style ; doublures in dark red leather with scalloped mandorla, lozenges, floral pendants) pendants and cornerpieces in stamped, gold-painted paper onlays filled with floral compositions and set off by gold-painted rules (both lozenges and floral pendants appended to mandorla) ; made endpapers in comb marbled paper (chiefly in red, orange, black and blue) pasted to outermost leaf of a gathering of three (ternion) ; upper and lower covers carry large, central rectangular panel in stamped, gold-painted paper onlays (applied to recessed leather) filled with symmetrical floral vegetal composition set among interlacing scallops and surrounded by gold-painted and tooled borders (series of annular stamps) setting off wide border (also in recessed leather onlays with stamped, gold-painted paper applied) with additional vegetal motifs ; board edges gold-tooled in scroling vegetal designs ; spine similarly gold-stamped with bands of scrolling vegetal designs alternating with diamond shapes ; sewn in white thread over two cords (apparent as ridges on spine and visible between back endpapers and text block), tightly bound ; worked endbands in pistachio green and pink (interspersed with metallic threads) ; overall in fairly good condition with some abrasion, lifting and losses of leather and onlays, etc.</subfield></datafield><datafield tag="500" ind1=" " ind2=" "><subfield code="a">Support: non-European (likely Indian) laid paper with roughly 9 laid lines per cm. (horizontal, fairly distinct) and single chain lines occasionally visible, thin, crisp and transluscent though sturdy, well-burnished, dark cream to beige in color ; endpapers in still a different likely Indian laid paper with 7-8 laid lines per cm. (horizontal, distinct, curving) and no chain lines plainly visible, cloudy formation, many inclusions, sturdy, gray in color ; some staining and tide lines, ink burn (more extensive in some gatherings), minor pest damage, cockling and excess adhesive ; extensive repairs (fills, guards, etc.).</subfield></datafield><datafield tag="500" ind1=" " ind2=" "><subfield code="a">Decoration: Illuminated headpiece (ʻunwān / sarlawḥ) at opening on p.2 consisting of rectangular piece with basmalah set off by gold cloud-bands and flanked by delicate vegetal designs on gold ground, surmounted by w-shaped piece in gold and light blue overlaid with delicate vegetal designs with floral accents (mainly in pink with orange-red outline, green and black) set in a heavy well of gold interlace, pistachio green, pink and blue bands ; bands of refined vegetal motifs in gold also accent written area on incipit page (p.2) ; written area throughout surrounded by gold frame with divisions within also defined by narrow gold bands outlined in black ; section headings rubricated.</subfield></datafield><datafield tag="500" ind1=" " ind2=" "><subfield code="a">Script: Nastaʻlīq ; large, elegant hand in a medium to heavy line ; characteristically serifless with gentle effect of words descending to baseline, superscripting of letters, elongation and exaggerated thickness of horizontal strokes, pointing mainly in distinct dots, occasionally set very close together or conjoined, dramatically sweeping shaqq or sarkash on many kāfs, point of final nūn set just down in wide, slightly angled bowl.</subfield></datafield><datafield tag="500" ind1=" " ind2=" "><subfield code="a">Layout: Written in 12 lines per page with written area divided to two columns ; frame-ruled.</subfield></datafield><datafield tag="500" ind1=" " ind2=" "><subfield code="a">Collation: vi, 3 IV(24), III (30), 5 IV(70), III+2 (78), 6 IV(126), III+1 (133), IV (141), III+1 (148), IV (156), II (160), IV (168), II (172), IV+1 (181), vi ; chiefly quaternions ; middle of the quire marks in the form of faint, oblique black strokes in the upper outer margin of the right-hand leaf and lower outer margin of the left-hand leaf ; catchwords present (though occasionally lost or obscured by repairs) ; foliation in red ink, Hindu-Arabic numerals ; pagination in pencil, Western numerals, supplied during cataloguing.</subfield></datafield><datafield tag="500" ind1=" " ind2=" "><subfield code="a">Colophon: "Scribal," rectangular, reads "مشقه العبد المذنب عبد الرشید الديلمی [؟] فی سنه ١٠٥١ه هجرة النبويه"</subfield></datafield><datafield tag="500" ind1=" " ind2=" "><subfield code="a">Explicit: "معتبر بنود تعدد در صفات"</subfield></datafield><datafield tag="500" ind1=" " ind2=" "><subfield code="a">Incipit: "حمد و شکر او را که هرچه هست ازوست دام هستی حلقه دار از های [و] هوست ..."</subfield></datafield><datafield tag="500" ind1=" " ind2=" "><subfield code="a">Title from inscription on second front flyleaf.</subfield></datafield><datafield tag="500" ind1=" " ind2=" "><subfield code="a">Ms. codex.</subfield></datafield><datafield tag="510" ind1="4" ind2=" "><subfield code="a">Berthels, E. "Niʿmat K̲H̲ān, called ʿĀlī, Mīrzā Nūr al-Dīn Muḥammad." In EI2,</subfield><subfield code="c">vol.VIII, p.48, col.1</subfield></datafield><datafield tag="520" ind1="8" ind2=" "><subfield code="a">Elegant copy of the short mas̲navī of Niʻmat Khān Shīrāzī, known as ʻĀlī (d.1710).</subfield></datafield><datafield tag="538" ind1=" " ind2=" "><subfield code="a">Mode of access: Internet.</subfield></datafield><datafield tag="541" ind1=" " ind2=" "><subfield code="c">Purchase ;</subfield><subfield code="a">Acquired by purchase (funds donated by Horace Rackham).</subfield><subfield code="d">1924.</subfield></datafield><datafield tag="546" ind1=" " ind2=" "><subfield code="a">Persian.</subfield></datafield><datafield tag="561" ind1=" " ind2=" "><subfield code="a">Inscription in black ink with title and copyist on second front flyleaf "مثنوى شريف ... بخط عبد الرشيد" along with possible inventory number (also in black ink) and book price in pencil, partially effaced ; small rectangular seal impression on 'title page' (p.1) and below colophon at close (p.361) dated 1169 [1755 or 6] in name of Muḥammad Fayyāḍ "محمد فياض ١١٦٩" ; also on 'title page' an effaced statement in black ink (lower outer corner) as well as faint inscription in upper outer corner ; occasional collation marks (such as "بلغ") in pencil ; some marginal corrections.</subfield></datafield><datafield tag="650" ind1=" " ind2="0"><subfield code="a">Manuscripts, Persian</subfield><subfield code="z">Michigan</subfield><subfield code="z">Ann Arbor.</subfield></datafield><datafield tag="650" ind1=" " ind2="0"><subfield code="a">Sufi poetry, Persian</subfield><subfield code="v">Early works to 1800.</subfield></datafield><datafield tag="650" ind1=" " ind2="0"><subfield code="a">Persian poetry</subfield><subfield code="v">Early works to 1800.</subfield></datafield><datafield tag="650" ind1=" " ind2="0"><subfield code="a">Masnavis, Persian</subfield><subfield code="v">Early works to 1800.</subfield></datafield><datafield tag="655" ind1=" " ind2="7"><subfield code="a">Headpieces (layout features)</subfield><subfield code="y">18th century.</subfield><subfield code="2">aat</subfield></datafield><datafield tag="700" ind1="0" ind2=" "><subfield code="a">Abdülhamid</subfield><subfield code="b">II,</subfield><subfield code="c">Sultan of the Turks,</subfield><subfield code="d">1842-1918,</subfield><subfield code="e">former owner.</subfield></datafield><datafield tag="700" ind1="0" ind2=" "><subfield code="6">880-08</subfield><subfield code="a">Muḥammad Fayyāḍ,</subfield><subfield code="d">fl. 1755,</subfield><subfield code="e">former owner.</subfield></datafield><datafield tag="700" ind1="0" ind2=" "><subfield code="6">880-07</subfield><subfield code="a">ʻAbd al-Rashīd al-Daylamī,</subfield><subfield code="d">fl. 1738?,</subfield><subfield code="e">scribe.</subfield></datafield><datafield tag="773" ind1="0" ind2=" "><subfield code="a">Abdul Hamid Collection.</subfield></datafield><datafield tag="880" ind1="0" ind2=" "><subfield code="6">700-08/</subfield><subfield code="a">محمد فياض،</subfield><subfield code="e">مالك سابق.</subfield></datafield><datafield tag="880" ind1="0" ind2=" "><subfield code="6">700-07/</subfield><subfield code="a">عبد الرشيد الديلمى،</subfield><subfield code="e">ناسخ.</subfield></datafield><datafield tag="880" ind1="1" ind2="0"><subfield code="6">245-03/</subfield><subfield code="a">مثنوی شريف,</subfield><subfield code="f">[1151ه؟، 1738 یا 1739م؟].</subfield></datafield><datafield tag="880" ind1="1" ind2="0"><subfield code="6">240-02/</subfield><subfield code="a">مثنوى</subfield></datafield><datafield tag="880" ind1="0" ind2=" "><subfield code="6">100-01/</subfield><subfield code="a">نعمت خان عالى.</subfield></datafield><datafield tag="CID" ind1=" " ind2=" "><subfield code="a">006818781</subfield></datafield><datafield tag="DAT" ind1="0" ind2=" "><subfield code="a">20190719102639.0</subfield><subfield code="b">20190719000000.0</subfield></datafield><datafield tag="DAT" ind1="1" ind2=" "><subfield code="a">20190719090653.0</subfield><subfield code="b">2019-07-19T16:10:53Z</subfield></datafield><datafield tag="DAT" ind1="2" ind2=" "><subfield code="a">2015-10-02T18:00:03Z</subfield></datafield><datafield tag="CAT" ind1=" " ind2=" "><subfield code="a">SDR-MIU</subfield><subfield code="d">EX LIBRIS - ALEPH</subfield><subfield code="l">prepare.pl-004-008</subfield></datafield><datafield tag="FMT" ind1=" " ind2=" "><subfield code="a">BK</subfield></datafield><datafield tag="HOL" ind1=" " ind2=" "><subfield code="0">sdr-miu006818781</subfield><subfield code="a">MiU</subfield><subfield code="b">SDR</subfield><subfield code="c">MIU</subfield><subfield code="p">mdp.39015079130046</subfield><subfield code="s">MIU</subfield><subfield code="1">006818781</subfield></datafield><datafield tag="974" ind1=" " ind2=" "><subfield code="b">MIU</subfield><subfield code="c">MIU</subfield><subfield code="d">20190719</subfield><subfield code="s">lit-dlps-dc</subfield><subfield code="u">mdp.39015079130046</subfield><subfield code="y">1739</subfield><subfield code="r">pd</subfield><subfield code="q">bib</subfield><subfield code="t">non-US bib date2 &lt; 1879</subfield></datafield></record></collection>